<?xml version="1.0" encoding="UTF-8"?><collection xmlns="http://www.loc.gov/MARC21/slim"><record><leader>00366nam--2200133-i-4500</leader><controlfield tag="001">000022294</controlfield><controlfield tag="002">20161230</controlfield><controlfield tag="005">20161230201034</controlfield><controlfield tag="008">060222s1000------------r-----000-0-eng-d</controlfield><datafield ind1=" " ind2=" " tag="100"><subfield code="a">Jacobs, Marris B</subfield></datafield><datafield ind1=" " ind2=" " tag="245"><subfield code="a">The chemical analysis of air pollutants</subfield></datafield><datafield ind1=" " ind2=" " tag="260"><subfield code="a">New York, Interscience Publ., Inc., 1960, Xviii + 430 P</subfield></datafield><datafield ind1=" " ind2=" " tag="490"><subfield code="a">Chemical Analysis</subfield></datafield><datafield ind1=" " ind2=" " tag="852"><subfield code="a">13701</subfield></datafield></record></collection>